3100 4892
457 344 521 456 ιρι
745 324 828 432 aa
854 330 975 451 aa
1030 326 1111 431 u»
1203 372 1208 379 ·
1455 411 1461 434 .

452 519 535 600 vior
551 520 621 598 fult
635 521 675 601 in
696 528 867 601 iaroslaum
886 554 906 599 a
927 532 1089 601 Boslovs'tz
1111 526 1339 609 moravam,
1369 540 1415 597 ro·
1456 418 1467 595 l

452 624 507 691 h'ae
520 622 713 695 Boskmirzii
732 621 891 702 fratrem.
941 626 1008 703 Vir
1027 624 1087 701 ille
1107 620 1210 697 fimul
1231 620 1414 724 elegantia

451 742 621 827 mumma
651 718 752 795 limul
777 720 977 803 litterarum
1000 716 1216 826 cognitione
1242 720 1412 818 apprime

451 815 585 899 clarus,
612 839 650 891 1n
671 816 774 903 rebus
792 819 973 895 Moraviae
1004 834 1079 893 erat
1106 816 1239 887 Mathia
1258 844 1280 889 a
1305 816 1413 891 secre-

450 909 496 985 tis
518 910 557 985 in
585 908 760 990 sanctiore
787 912 943 993 conlilio.
994 914 1066 993 Sed
1097 912 1149 991 uti
1177 910 1321 987 meritis
1353 910 1412 986 luis

449 1021 691 1120 permagnam
712 1012 829 1117 Regis
848 1010 1006 1116 gratiam
1031 1008 1169 1101 tenuit3
1194 1006 1245 1081 ita
1262 1006 1306 1082 in
1328 1008 1411 1083 mul-

448 1126 568 1179 tarum
588 1104 770 1202 invidiam
794 1112 921 1197 venit,
959 1107 1022 1207 qui
1046 1104 1142 1183 diua
1167 1103 1279 1205 ipsius
1309 1112 1344 1180 ὅ(
1362 1102 1408 1177 fa·

389 1241 394 1261 ι
448 1204 505 1276 eta
523 1202 564 1275 in
582 1205 714 1281 malam
733 1232 907 1307 accepere
928 1230 1091 1307 partem,
1115 1202 1259 1299 (uisque
1276 1198 1410 1275 technis

447 1298 567 1398 regias
601 1300 812 1401 fefellerunt
839 1330 950 1381 aures.
998 1296 1167 1385 Accidit,
1200 1322 1241 1371 ut
1271 1300 1407 1367 Mulio

445 1394 525 1493 ipse
545 1396 725 1487 Viennam
748 1398 903 1475 Austriae
923 1398 1090 1502 cingeret
1111 1392 1330 1479 obfidione,
1352 1420 1406 1467 un·

267 1566 273 1578 ,
446 1494 493 1571 de
512 1491 556 1568 ad
577 1494 866 1597 expugnandum
891 1490 1159 1573 Ebersdorfium
1181 1492 1406 1597 praetorianas

321 1678 326 1688 ¹
446 1588 553 1668 duxit
578 1590 714 1692 copias.
764 1592 838 1669 vix
857 1590 975 1671 castris
992 1590 1038 1667 ad
1061 1586 1243 1689 oppidum
1273 1588 1405 1673 locatis,

447 1686 489 1766 in
507 1686 726 1763 domuncula
771 1690 901 1765 uadam
922 1715 1005 1765 cum
1031 1694 1164 1759 iaroslao
1195 1686 1401 1767 rotrocum,

446 1714 989 1883 aliisqueprocerllusuamcis
1012 1780 1301 1862 suisaccumbit,
1329 1804 1398 1855 ecce

445 1874 539 1959 tibil
562 1878 686 1957 emilia
697 1882 744 1958 ab
765 1880 961 1985 oppidanis
974 1880 1090 1957 ferrea
1111 1880 1215 1993 glans
1229 1876 1399 1983 'parietem

444 1976 577 2081 argilla
591 1975 734 2053 modice
756 1978 1010 2065 incrustatum,
1030 2004 1106 2077 qua
1123 1976 1200 2075 apsa
1219 1976 1401 2061 accubitu,

395 2087 399 2098 ‘
472 2095 547 2150 arte
569 2071 770 2151 transforat.
823 2081 906 2153 Rex
924 2099 1024 2151 metu
1053 2071 1284 2175 perterritus,
1305 2094 1402 2172 patu-

440 2095 492 2246 lis
506 2168 647 2272 prabet
660 2196 760 2247 aures
777 2169 930 2258 invidis,
939 2172 1003 2271 qui
1017 2168 1254 2339 susqicionem
1273 2164 1402 2243 soelelli

440 2264 578 2341 confilit
606 2286 708 2343 tanto
744 2264 885 2345 facilius
916 2266 956 2343 in
993 2284 1078 2341 raros
1091 2294 1165 2344 atim
1194 2268 1397 2357 conferunt3

440 2364 538 2463 quod
561 2360 589 2437 is
597 2362 825 2441 Ebersdorfii
849 2364 1025 2441 Praefecto
1042 2364 1192 2449 amicus.
1208 2359 1398 2435 abeodem
1468 2406 1469 2409 =

443 2458 618 2559 quasdam
647 2459 782 2555 litteras
816 2460 912 2538 haud
932 2547 934 2553 7
951 2462 1001 2537 ita
1025 2459 1171 2561 pridem
1199 2454 1406 2553 accepisset.

442 2558 461 2634 l
492 2584 597 2634 natus
618 2556 810 2633 calumniae
838 2560 1013 2645 iaroslaus,
1036 2556 1173 2635 indidla
1190 2552 1325 2641 caulla,
1352 2556 1407 2629 su·

458 2661 583 2751 pedus
614 2650 661 2728 de
690 2652 900 2753 proditione
930 2654 972 2731 fit
995 2652 1115 2759 Regi,
1147 2650 1211 2752 qui
1232 2655 1408 2731 occultam

441 2748 618 2825 vindicta
646 2748 860 2849 cupidinem
887 2750 927 2827 in
955 2746 1055 2829 aliud
1094 2774 1238 2847 tempus
1269 2750 1410 2829 interea

441 2842 595 2933 differt,
624 2866 733 2943 atque
759 2846 989 2925 Ebersdorfio
1008 2848 1048 2925 in
1072 2848 1285 2947 potestatem
1314 2848 1413 2929 suam

439 2930 608 3027 redacto,
651 2940 699 3017 ad
728 2944 1018 3045 prosequendam
1047 2944 1156 3021 Urbis
1195 2945 1412 3025 Viennenfis

271 3043 304 3098 ¹·
319 3028 417 3114 Μ·
440 3036 670 3115 obfidionem
689 3038 852 3116 revertit.
901 3040 1002 3117 Urbe
1017 3040 1193 3127 Calendis
1211 3042 1322 3139 Junii
1340 3064 1413 3125 tan.

438 3134 523 3211 dem
541 3132 676 3235 potitus
689 3160 707 3223 ‚·
729 3134 769 3211 in
792 3136 1040 3239 proditores&
1080 3138 1252 3215 arricidas
1265 3166 1311 3217 ut
1321 3169 1413 3241 quae·
1460 3210 1470 3225 .

439 3254 603 3314 teretur,
635 3228 765 3309 edixit.
811 3234 905 3309 Mox
932 3164 1180 3311 cancellarius
1205 3237 1317 3343 Regi
1338 3264 1415 3348 per·

319 3411 322 3419 ¹
439 3352 549 3425 quam
581 3328 770 3405 familiaris
807 3328 963 3403 laroslmes'
997 3329 1038 3405 in
1071 3328 1219 3408 vincula
1261 3338 1409 3428 comici·

319 3447 322 3453 ·
438 3444 523 3508 tur,
546 3448 588 3498 ac
607 3423 768 3500 daturin
788 3424 1168 3535 quaestionem-quod
1192 3453 1273 3506 non
1299 3458 1415 3535 patra·

438 3518 516 3605 vit,
542 3518 683 3597 crimen
711 3508 818 3615 fateri
846 3523 1032 3600 tormentis
1051 3522 1220 3627 cogitur:
1247 3538 1292 3600 Se
1316 3556 1417 3629 nempe

438 3644 509 3689 cum
532 3614 637 3718 oppidi
642 3630 700 3689 ·Pr
736 3616 800 3687 cuo
818 3619 970 3719 collustffl3
993 3646 1032 3695 ne
1045 3620 1174 3716 falleret
1189 3622 1305 3713 idus,
1330 3642 1419 3729 ng.)

430 3713 515 3814 sella
533 3715 723 3811 praeſsguac
757 3716 856 3787 locum
876 3713 1054 3819 inspeciem
1074 3738 1188 3806 mem
1220 3724 1292 3821 fieb
1327 3730 1418 3809 dieit-

436 3804 563 3904 msem
595 3810 729 3913 deniquo
758 3812 939 3909 obſsdiomm
981 3820 1099 3888 civibus
1128 3844 1359 3899 commeatum
1378 3852 1417 3901 ut

417 3912 593 3984 'Moraot'a
615 3905 658 3979 87
676 3909 822 3982 Bohemt'a
834 3909 1022 3993 adulterinis
1044 3915 1163 3988 litteris
1182 3914 1268 4022 fiepc
1302 3924 1421 4025 nufiffe.

436 4005 562 4083 Paullo
589 4002 671 4108 post
700 4028 847 4113 rogatus
879 4008 1030 4098 eadem,
1064 4014 1209 4114 prorsus
1238 4027 1419 4129 negabat

1343 4120 1384 4221 Ι*
